<?xml version='1.0' encoding='utf-8'?>
<Document xmlns="urn:iso:std:iso:20022:tech:xsd:camt.053.001.02">
  <BkToCstmrStmt>
    <GrpHdr>
      <MsgId>dcf695f5-1402-4c19-9c04-8ddb4d0e6138</MsgId>
      <CreDtTm>1975-08-01T05:26:06</CreDtTm>
      <MsgRcpt>
        <Nm>Anthony Villanueva</Nm>
        <Id>
          <OrgId>
            <Othr>
              <Id>0a80a42e-b900-40ad-932d-cbb053d7870e</Id>
            </Othr>
          </OrgId>
        </Id>
      </MsgRcpt>
    </GrpHdr>
    <Stmt>
      <Id>4fda63b5-5557-40e0-af09-aff0feed9ca8</Id>
      <ElctrncSeqNb>84</ElctrncSeqNb>
      <LglSeqNb>65</LglSeqNb>
      <CreDtTm>1988-02-08T01:28:20</CreDtTm>
      <FrToDt>
        <FrDtTm>2022-09-06T15:14:02</FrDtTm>
        <ToDtTm>2013-11-14T00:03:10</ToDtTm>
      </FrToDt>
      <Acct>
        <Id>
          <Othr>
            <Id>df561404-c7d5-4dca-8e95-29ec341e2f38</Id>
          </Othr>
        </Id>
        <Tp>
          <Prtry>receive</Prtry>
        </Tp>
        <Ccy>JPY</Ccy>
        <Nm>April Jordan</Nm>
        <Svcr>
          <FinInstnId>
            <BIC>KIDPGBR0IT4</BIC>
            <Nm>Pham PLC</Nm>
          </FinInstnId>
        </Svcr>
      </Acct>
      <Bal>
        <Tp>
          <CdOrPrtry>
            <Cd>similar</Cd>
          </CdOrPrtry>
        </Tp>
        <Amt Ccy="JPY">1076.96</Amt>
        <CdtDbtInd>DBIT</CdtDbtInd>
        <Dt>
          <DtTm>2012-10-30T00:39:13</DtTm>
        </Dt>
      </Bal>
      <TxsSummry>
        <TtlNtries>
          <NbOfNtries>3</NbOfNtries>
          <Sum>4339.69</Sum>
          <TtlNetNtryAmt>3523.67</TtlNetNtryAmt>
          <CdtDbtInd>DBIT</CdtDbtInd>
        </TtlNtries>
        <TtlCdtNtries>
          <NbOfNtries>1</NbOfNtries>
          <Sum>7952.9</Sum>
        </TtlCdtNtries>
        <TtlDbtNtries>
          <NbOfNtries>7</NbOfNtries>
          <Sum>4107.58</Sum>
        </TtlDbtNtries>
      </TxsSummry>
      <Ntry>
        <NtryRef>eb513436-9af0-4490-ab76-74ef423cf16a</NtryRef>
        <Amt Ccy="INR">1095.59</Amt>
        <CdtDbtInd>DBIT</CdtDbtInd>
        <RvslInd>True</RvslInd>
        <Sts>BOOK</Sts>
        <BookgDt>
          <DtTm>1992-07-25T01:21:22</DtTm>
        </BookgDt>
        <ValDt>
          <Dt>1980-04-04</Dt>
        </ValDt>
      </Ntry>
    </Stmt>
  </BkToCstmrStmt>
</Document>