<?xml version='1.0' encoding='utf-8'?>
<Document xmlns="urn:iso:std:iso:20022:tech:xsd:camt.053.001.02">
  <BkToCstmrStmt>
    <GrpHdr>
      <MsgId>80e6fb97-9759-48ae-9603-02ca2abe68f8</MsgId>
      <CreDtTm>1992-10-13T17:39:31</CreDtTm>
      <MsgRcpt>
        <Nm>Caleb Peters</Nm>
        <Id>
          <OrgId>
            <Othr>
              <Id>dc49df5d-d1e5-427a-b7d8-85ddf6c747b5</Id>
            </Othr>
          </OrgId>
        </Id>
      </MsgRcpt>
    </GrpHdr>
    <Stmt>
      <Id>095de922-5e2e-4cd7-a052-a85b080e3a9f</Id>
      <ElctrncSeqNb>22</ElctrncSeqNb>
      <LglSeqNb>60</LglSeqNb>
      <CreDtTm>1987-12-01T20:08:39</CreDtTm>
      <FrToDt>
        <FrDtTm>1994-12-08T23:47:26</FrDtTm>
        <ToDtTm>2023-09-02T18:58:32</ToDtTm>
      </FrToDt>
      <Acct>
        <Id>
          <Othr>
            <Id>f8d891cb-c31c-4ee2-818a-157f994bab15</Id>
          </Othr>
        </Id>
        <Tp>
          <Prtry>old</Prtry>
        </Tp>
        <Ccy>GBP</Ccy>
        <Nm>Dawn King</Nm>
        <Svcr>
          <FinInstnId>
            <BIC>OYRTGB56KUM</BIC>
            <Nm>Chavez-Schmidt</Nm>
          </FinInstnId>
        </Svcr>
      </Acct>
      <Bal>
        <Tp>
          <CdOrPrtry>
            <Cd>road</Cd>
          </CdOrPrtry>
        </Tp>
        <Amt Ccy="JPY">4360.21</Amt>
        <CdtDbtInd>DBIT</CdtDbtInd>
        <Dt>
          <DtTm>1978-12-21T03:13:57</DtTm>
        </Dt>
      </Bal>
      <TxsSummry>
        <TtlNtries>
          <NbOfNtries>9</NbOfNtries>
          <Sum>2653.82</Sum>
          <TtlNetNtryAmt>6120.04</TtlNetNtryAmt>
          <CdtDbtInd>DBIT</CdtDbtInd>
        </TtlNtries>
        <TtlCdtNtries>
          <NbOfNtries>4</NbOfNtries>
          <Sum>4149.66</Sum>
        </TtlCdtNtries>
        <TtlDbtNtries>
          <NbOfNtries>1</NbOfNtries>
          <Sum>1332.68</Sum>
        </TtlDbtNtries>
      </TxsSummry>
      <Ntry>
        <NtryRef>3ab77b52-cf11-4e81-8bf9-3b404ac8483b</NtryRef>
        <Amt Ccy="INR">9801.47</Amt>
        <CdtDbtInd>DBIT</CdtDbtInd>
        <RvslInd>True</RvslInd>
        <Sts>BOOK</Sts>
        <BookgDt>
          <DtTm>1994-09-15T19:04:09</DtTm>
        </BookgDt>
        <ValDt>
          <Dt>2021-06-06</Dt>
        </ValDt>
      </Ntry>
    </Stmt>
  </BkToCstmrStmt>
</Document>